@article{Poziomska2024,
      title={Quantity versus Diversity: Influence of Data on Detecting EEG Pathology with Advanced ML Models}, 
      author={Martyna Poziomska and Marian Dovgialo and Przemysław Olbratowski and Paweł Niedbalski and Paweł Ogniewski and Joanna Zych and Jacek Rogala and Jarosław Żygierewicz},
      year={2024},
      eprint={2411.17709},
      archivePrefix={arXiv},
      primaryClass={eess.SP},
      url={https://arxiv.org/abs/2411.17709}, 
}

@mastersthesis{LopezDeDiego2017,
  author       = {Lopez de Diego, Ana},
  title        = {Automated Interpretation of Abnormal Adult Electroencephalography},
  school       = {Temple University},
  year         = {2017},
  type         = {Master's Thesis},
  url          = {https://isip.piconepress.com/publications/ms_theses/2017/abnormal/thesis/}
}

@article{Kemp1992,
  title = {A simple format for exchange of digitized polygraphic recordings},
  volume = {82},
  ISSN = {0013-4694},
  url = {http://dx.doi.org/10.1016/0013-4694(92)90009-7},
  DOI = {10.1016/0013-4694(92)90009-7},
  number = {5},
  journal = {Electroencephalography and Clinical Neurophysiology},
  publisher = {Elsevier BV},
  author = {Kemp,  Bob and V\"{a}rri,  Alpo and Rosa,  Agostinho C. and Nielsen,  Kim D. and Gade,  John},
  year = {1992},
  month = may,
  pages = {391–393}
}


@article{Gramfort2013,
  title = {MEG and EEG data analysis with MNE-Python},
  volume = {7},
  ISSN = {1662-453X},
  url = {http://dx.doi.org/10.3389/fnins.2013.00267},
  DOI = {10.3389/fnins.2013.00267},
  journal = {Frontiers in Neuroscience},
  publisher = {Frontiers Media SA},
  author = {Gramfort,  Alexandre},
  year = {2013}
}

@misc{tibermacine2024riemannian,
      title={Riemannian Geometry-Based EEG Approaches: A Literature Review}, 
      author={Imad Eddine Tibermacine and Samuele Russo and Ahmed Tibermacine and Abdelaziz Rabehi and Bachir Nail and Kamel Kadri and Christian Napoli},
      year={2024},
      eprint={2407.20250},
      archivePrefix={arXiv},
      primaryClass={eess.SP},
      url={https://arxiv.org/abs/2407.20250}, 
}

@article{congedo2013Riemannian,
  author       = {Marco Congedo and
                  Alexandre Barachant and
                  Anton Andreev},
  title        = {A New Generation of Brain-Computer Interface Based on Riemannian Geometry},
  journal      = {CoRR},
  volume       = {abs/1310.8115},
  year         = {2013},
  url          = {http://arxiv.org/abs/1310.8115},
  eprinttype    = {arXiv},
  eprint       = {1310.8115},
  timestamp    = {Sun, 02 Oct 2022 15:31:43 +0200},
  biburl       = {https://dblp.org/rec/journals/corr/CongedoBA13.bib},
  bibsource    = {dblp computer science bibliography, https://dblp.org}
}

@article{Moakher2005,
  title = {A Differential Geometric Approach to the Geometric Mean of Symmetric Positive-Definite Matrices},
  volume = {26},
  ISSN = {1095-7162},
  url = {http://dx.doi.org/10.1137/S0895479803436937},
  DOI = {10.1137/s0895479803436937},
  number = {3},
  journal = {SIAM Journal on Matrix Analysis and Applications},
  publisher = {Society for Industrial & Applied Mathematics (SIAM)},
  author = {Moakher,  Maher},
  year = {2005},
  month = jan,
  pages = {735–747}
}

@article{Lotte2018,
  title = {A review of classification algorithms for EEG-based brain–computer interfaces: a 10 year update},
  volume = {15},
  ISSN = {1741-2552},
  url = {http://dx.doi.org/10.1088/1741-2552/aab2f2},
  DOI = {10.1088/1741-2552/aab2f2},
  number = {3},
  journal = {Journal of Neural Engineering},
  publisher = {IOP Publishing},
  author = {Lotte,  F and Bougrain,  L and Cichocki,  A and Clerc,  M and Congedo,  M and Rakotomamonjy,  A and Yger,  F},
  year = {2018},
  month = apr,
  pages = {031005}
}

@article{Thomson1982,
  title = {Spectrum estimation and harmonic analysis},
  volume = {70},
  ISSN = {0018-9219},
  url = {http://dx.doi.org/10.1109/PROC.1982.12433},
  DOI = {10.1109/proc.1982.12433},
  number = {9},
  journal = {Proceedings of the IEEE},
  publisher = {Institute of Electrical and Electronics Engineers (IEEE)},
  author = {Thomson,  D.J.},
  year = {1982},
  pages = {1055–1096}
}

@article{Prokhorenkova2017,
Author = {Liudmila Prokhorenkova and Gleb Gusev and Aleksandr Vorobev and Anna Veronika Dorogush and Andrey Gulin},
Title = {CatBoost: unbiased boosting with categorical features},
Year = {2017},
Eprint = {arXiv:1706.09516},
}

@misc{Akiba2019,
      title={Optuna: A Next-generation Hyperparameter Optimization Framework}, 
      author={Takuya Akiba and Shotaro Sano and Toshihiko Yanase and Takeru Ohta and Masanori Koyama},
      year={2019},
      eprint={1907.10902},
      archivePrefix={arXiv},
      primaryClass={cs.LG},
      url={https://arxiv.org/abs/1907.10902}, 
}